@inproceedings{socher2013recursive,
  title={Recursive deep models for semantic compositionality over a sentiment treebank},
  author={Socher, Richard and Perelygin, Alex and Wu, Jean Y and Chuang, Jason and Manning, Christopher D and Ng, Andrew Y and Potts, Christopher and others},
  booktitle={Proceedings of the conference on empirical methods in natural language processing (EMNLP)},
  volume={1631},
  pages={1642},
  year={2013}
}

@inproceedings{collobert2011torch7,
	title={Torch7: A matlab-like environment for machine learning},
	author={Collobert, Ronan and Kavukcuoglu, Koray and Farabet, Cl{\'e}ment},
	booktitle={BigLearn, NIPS Workshop},
	number={EPFL-CONF-192376},
	year={2011}
}