%%
%% WinShell 3.3.2.6
%% http://www.winshell.org/
%%

% Strings


% Preamble


% BibTeX Entries
@inproceedings{socher2013recursive,
  title={Recursive deep models for semantic compositionality over a sentiment treebank},
  author={Socher, Richard and Perelygin, Alex and Wu, Jean Y and Chuang, Jason and Manning, Christopher D and Ng, Andrew Y and Potts, Christopher and others},
  booktitle={Proceedings of the conference on empirical methods in natural language processing (EMNLP)},
  volume={1631},
  pages={1642},
  year={2013}
}

@inproceedings{collobert2011torch7,
	title={Torch7: A matlab-like environment for machine learning},
	author={Collobert, Ronan and Kavukcuoglu, Koray and Farabet, Cl{\'e}ment},
	booktitle={BigLearn, NIPS Workshop},
	number={EPFL-CONF-192376},
	year={2011}
}

@article{tokenizerpart,
  title={Part-of-Speech Tagger, and Named Entity Recognizer. Downloaded from: h ttp},
  author={Tokenizer, Stanford},
  journal={nlp. stanford. edu/software}
}

@inproceedings{pang2002thumbs,
	title={Thumbs up?: sentiment classification using machine learning techniques},
	author={Pang, Bo and Lee, Lillian and Vaithyanathan, Shivakumar},
	booktitle={Proceedings of the ACL-02 conference on Empirical methods in natural language processing-Volume 10},
	pages={79--86},
	year={2002},
	organization={Association for Computational Linguistics}
}

@article{liu2012sentiment,
	title={Sentiment analysis and opinion mining},
	author={Liu, Bing},
	journal={Synthesis lectures on human language technologies},
	volume={5},
	number={1},
	pages={1--167},
	year={2012},
	publisher={Morgan \& Claypool Publishers}
}

@book{Goodfelloetal2016,
	title={Deep Learning},
	author={Ian Goodfellow and Yoshua Bengio and Aaron Courville},
	publisher={MIT Press},
	note={\url{http://www.deeplearningbook.org}},
	year={2016}
}

@article{cho2014learning,
  title={Learning phrase representations using RNN encoder-decoder for statistical machine translation},
  author={Cho, Kyunghyun and Van Merri{\"e}nboer, Bart and Gulcehre, Caglar and Bahdanau, Dzmitry and Bougares, Fethi and Schwenk, Holger and Bengio, Yoshua},
  journal={arXiv preprint arXiv:1406.1078},
  year={2014}
}

@inproceedings{manning2014stanford,
	title={The stanford corenlp natural language processing toolkit.},
	author={Manning, Christopher D and Surdeanu, Mihai and Bauer, John and Finkel, Jenny Rose and Bethard, Steven and McClosky, David},
	booktitle={ACL (System Demonstrations)},
	pages={55--60},
	year={2014}
}

@book{chomsky2002syntactic,
  title={Syntactic structures},
  author={Chomsky, Noam},
  year={2002},
  publisher={Walter de Gruyter}
}

@inproceedings{nivre2016universal,
  title={Universal Dependencies v1: A Multilingual Treebank Collection.},
  author={Nivre, Joakim and de Marneffe, Marie-Catherine and Ginter, Filip and Goldberg, Yoav and Hajic, Jan and Manning, Christopher D and McDonald, Ryan T and Petrov, Slav and Pyysalo, Sampo and Silveira, Natalia and others},
  booktitle={LREC},
  year={2016}
}
