%%
%% WinShell 3.3.2.6
%% http://www.winshell.org/
%%

% Strings


% Preamble


% BibTeX Entries
@article{evaluate-GRU,
  author    = {Junyoung Chung and
               {\c{C}}aglar G{\"{u}}l{\c{c}}ehre and
               KyungHyun Cho and
               Yoshua Bengio},
  title     = {Empirical Evaluation of Gated Recurrent Neural Networks on Sequence
               Modeling},
  journal   = {CoRR},
  volume    = {abs/1412.3555},
  year      = {2014},
  url       = {http://arxiv.org/abs/1412.3555},
  timestamp = {Wed, 07 Jun 2017 14:40:04 +0200},
  biburl    = {http://dblp.uni-trier.de/rec/bib/journals/corr/ChungGCB14},
  bibsource = {dblp computer science bibliography, http://dblp.org}
}

@book{Graves-thesis,
  author    = {Alex Graves},
  title     = {Supervised Sequence Labelling with Recurrent Neural Networks},
  series    = {Studies in Computational Intelligence},
  volume    = {385},
  publisher = {Springer},
  year      = {2012},
  url       = {https://doi.org/10.1007/978-3-642-24797-2},
  doi       = {10.1007/978-3-642-24797-2},
  isbn      = {978-3-642-24796-5},
  timestamp = {Tue, 16 May 2017 14:24:36 +0200},
  biburl    = {http://dblp.uni-trier.de/rec/bib/series/sci/2012-385},
  bibsource = {dblp computer science bibliography, http://dblp.org}
}


@article{GRU,
  author    = {KyungHyun Cho and
               Bart van Merrienboer and
               Dzmitry Bahdanau and
               Yoshua Bengio},
  title     = {On the Properties of Neural Machine Translation: Encoder-Decoder Approaches},
  journal   = {CoRR},
  volume    = {abs/1409.1259},
  year      = {2014},
  url       = {http://arxiv.org/abs/1409.1259},
  timestamp = {Wed, 07 Jun 2017 14:42:33 +0200},
  biburl    = {http://dblp.uni-trier.de/rec/bib/journals/corr/ChoMBB14},
  bibsource = {dblp computer science bibliography, http://dblp.org}
}


@article{Bengio1994,
 author = {Bengio, Y. and Simard, P. and Frasconi, P.},
 title = {Learning Long-term Dependencies with Gradient Descent is Difficult},
 journal = {Trans. Neur. Netw.},
 issue_date = {March 1994},
 volume = {5},
 number = {2},
 month = mar,
 year = {1994},
 issn = {1045-9227},
 pages = {157--166},
 numpages = {10},
 url = {http://dx.doi.org/10.1109/72.279181},
 doi = {10.1109/72.279181},
 acmid = {2328340},
 publisher = {IEEE Press},
 address = {Piscataway, NJ, USA},
} 


@article{rnn-turing-complete,
title = "On the Computational Power of Neural Nets",
journal = "Journal of Computer and System Sciences",
volume = "50",
number = "1",
pages = "132 - 150",
year = "1995",
note = "",
issn = "0022-0000",
doi = "http://dx.doi.org/10.1006/jcss.1995.1013",
url = "http://www.sciencedirect.com/science/article/pii/S0022000085710136",
author = "H.T. Siegelmann and E.D. Sontag",

}


@inproceedings{truncatedBPTT,
  title={A tutorial on training recurrent neural networks, covering BPPT, RTRL, EKF and the "echo state network" approach},
  author={Herbert Jaeger},
  year={2005}
}

@INPROCEEDINGS{peephole,
author={F. A. Gers and J. Schmidhuber},
booktitle={Proceedings of the IEEE-INNS-ENNS International Joint Conference on Neural Networks. IJCNN 2000. Neural Computing: New Challenges and Perspectives for the New Millennium},
title={Recurrent nets that time and count},
year={2000},
volume={3},
pages={189-194 vol.3},
keywords={counting circuits;learning (artificial intelligence);recurrent neural nets;sequences;timing;LSTM;RNN;counting;discrete time steps;highly-nonlinear precisely-timed spike sequences;internal cells;long short-term memory;motor control;multiplicative gates;peephole connections;recurrent neural networks;rhythm detection;sequential tasks;stable sequences;time intervals;timing;Delay;Event detection;Hidden Markov models;Humans;Motor drives;Pattern recognition;Performance loss;Recurrent neural networks;Rhythm;World Wide Web},
doi={10.1109/IJCNN.2000.861302},
ISSN={1098-7576},
month={},}

@article{gradient-clip,
  author    = {Razvan Pascanu and
               Tomas Mikolov and
               Yoshua Bengio},
  title     = {Understanding the exploding gradient problem},
  journal   = {CoRR},
  volume    = {abs/1211.5063},
  year      = {2012},
  url       = {http://arxiv.org/abs/1211.5063},
  timestamp = {Wed, 07 Jun 2017 14:40:40 +0200},
  biburl    = {http://dblp.uni-trier.de/rec/bib/journals/corr/abs-1211-5063},
  bibsource = {dblp computer science bibliography, http://dblp.org}
}

@incollection{BPTT,
 author = {Mozer, Michael C.},
 chapter = {A Focused Backpropagation Algorithm for Temporal Pattern Recognition},
 title = {Backpropagation},
 editor = {Chauvin, Yves and Rumelhart, David E.},
 year = {1995},
 isbn = {0-8058-1259-8},
 pages = {137--169},
 numpages = {33},
 url = {http://dl.acm.org/citation.cfm?id=201784.201791},
 acmid = {201791},
 publisher = {L. Erlbaum Associates Inc.},
 address = {Hillsdale, NJ, USA},
} 

@misc{colah-lsmt,
  author        = {Christopher Olah},
  title         = {Understanding LSTM Networks},
  year          = {2015},
  URL = { 
        colah.github.io/posts/2015-08-Understanding-LSTMs/
}
}

@misc{element-prod,
  author        = {Elizabeth Million},
  title         = {The Hadamard Product},
  year          = {2007},
  URL = { 
        http://buzzard.ups.edu/courses/2007spring/projects/million-paper.pdf
}
}

@misc{rnn-def,
  author        = {John A. Bullinaria},
  title         = {Recurrent Neural Networks
Neural Computation : Lecture 12},
  year          = {2015},
  URL = { 
        www.cs.bham.ac.uk/~jxb/INC/l12.pdf   
}
}

@book{deeplearning-book,
    title={Deep Learning},
    author={Ian Goodfellow and Yoshua Bengio and Aaron Courville},
    publisher={MIT Press},
    note={\url{http://www.deeplearningbook.org}},
    year={2016}
}

@article{Schmidhuber14,
  author    = {J{\"{u}}rgen Schmidhuber},
  title     = {Deep Learning in Neural Networks: An Overview},
  journal   = {CoRR},
  volume    = {abs/1404.7828},
  year      = {2014},
  url       = {http://arxiv.org/abs/1404.7828},
  timestamp = {Wed, 07 Jun 2017 14:40:13 +0200},
  biburl    = {http://dblp.uni-trier.de/rec/bib/journals/corr/Schmidhuber14},
  bibsource = {dblp computer science bibliography, http://dblp.org}
}

@article{deep-nlp,
author = { Yoav
 Goldberg },
title = {Neural Network Methods for Natural Language Processing},
journal = {Synthesis Lectures on Human Language Technologies},
volume = {10},
number = {1},
pages = {1-309},
year = {2017},
doi = {10.2200/S00762ED1V01Y201703HLT037},

URL = { 
        https://doi.org/10.2200/S00762ED1V01Y201703HLT037
    
},
eprint = { 
        https://doi.org/10.2200/S00762ED1V01Y201703HLT037
    
}

}

@article{MiaoGM15,
  author    = {Yajie Miao and
               Mohammad Gowayyed and
               Florian Metze},
  title     = {{EESEN:} End-to-End Speech Recognition using Deep {RNN} Models and
               WFST-based Decoding},
  journal   = {CoRR},
  volume    = {abs/1507.08240},
  year      = {2015},
  url       = {http://arxiv.org/abs/1507.08240},
  timestamp = {Wed, 07 Jun 2017 14:40:16 +0200},
  biburl    = {http://dblp.uni-trier.de/rec/bib/journals/corr/MiaoGM15},
  bibsource = {dblp computer science bibliography, http://dblp.org}
}



@article{JozefowiczVSSW16,
  author    = {Rafal J{\'{o}}zefowicz and
               Oriol Vinyals and
               Mike Schuster and
               Noam Shazeer and
               Yonghui Wu},
  title     = {Exploring the Limits of Language Modeling},
  journal   = {CoRR},
  volume    = {abs/1602.02410},
  year      = {2016},
  url       = {http://arxiv.org/abs/1602.02410},
  timestamp = {Wed, 07 Jun 2017 14:42:03 +0200},
  biburl    = {http://dblp.uni-trier.de/rec/bib/journals/corr/JozefowiczVSSW16},
  bibsource = {dblp computer science bibliography, http://dblp.org}
}



@article{BritzGLL17,
  author    = {Denny Britz and
               Anna Goldie and
               Minh{-}Thang Luong and
               Quoc V. Le},
  title     = {Massive Exploration of Neural Machine Translation Architectures},
  journal   = {CoRR},
  volume    = {abs/1703.03906},
  year      = {2017},
  url       = {http://arxiv.org/abs/1703.03906},
  timestamp = {Wed, 07 Jun 2017 14:41:30 +0200},
  biburl    = {http://dblp.uni-trier.de/rec/bib/journals/corr/BritzGLL17},
  bibsource = {dblp computer science bibliography, http://dblp.org}
}



@article{SutskeverVL14,
  author    = {Ilya Sutskever and
               Oriol Vinyals and
               Quoc V. Le},
  title     = {Sequence to Sequence Learning with Neural Networks},
  journal   = {CoRR},
  volume    = {abs/1409.3215},
  year      = {2014},
  url       = {http://arxiv.org/abs/1409.3215},
  timestamp = {Wed, 07 Jun 2017 14:40:10 +0200},
  biburl    = {http://dblp.uni-trier.de/rec/bib/journals/corr/SutskeverVL14},
  bibsource = {dblp computer science bibliography, http://dblp.org}
}


@article{FiratCB16,
  author    = {Orhan Firat and
               KyungHyun Cho and
               Yoshua Bengio},
  title     = {Multi-Way, Multilingual Neural Machine Translation with a Shared Attention
               Mechanism},
  journal   = {CoRR},
  volume    = {abs/1601.01073},
  year      = {2016},
  url       = {http://arxiv.org/abs/1601.01073},
  timestamp = {Wed, 07 Jun 2017 14:42:48 +0200},
  biburl    = {http://dblp.uni-trier.de/rec/bib/journals/corr/FiratCB16},
  bibsource = {dblp computer science bibliography, http://dblp.org}
}

@article{NallapatiXZ16,
  author    = {Ramesh Nallapati and
               Bing Xiang and
               Bowen Zhou},
  title     = {Sequence-to-Sequence RNNs for Text Summarization},
  journal   = {CoRR},
  volume    = {abs/1602.06023},
  year      = {2016},
  url       = {http://arxiv.org/abs/1602.06023},
  timestamp = {Wed, 07 Jun 2017 14:40:56 +0200},
  biburl    = {http://dblp.uni-trier.de/rec/bib/journals/corr/NallapatiXZ16},
  bibsource = {dblp computer science bibliography, http://dblp.org}
}

@article{RushCW15,
  author    = {Alexander M. Rush and
               Sumit Chopra and
               Jason Weston},
  title     = {A Neural Attention Model for Abstractive Sentence Summarization},
  journal   = {CoRR},
  volume    = {abs/1509.00685},
  year      = {2015},
  url       = {http://arxiv.org/abs/1509.00685},
  timestamp = {Wed, 07 Jun 2017 14:43:04 +0200},
  biburl    = {http://dblp.uni-trier.de/rec/bib/journals/corr/RushCW15},
  bibsource = {dblp computer science bibliography, http://dblp.org}
}



@article{attention-gru,
  author    = {Ankit Kumar and
               Ozan Irsoy and
               Jonathan Su and
               James Bradbury and
               Robert English and
               Brian Pierce and
               Peter Ondruska and
               Ishaan Gulrajani and
               Richard Socher},
  title     = {Ask Me Anything: Dynamic Memory Networks for Natural Language Processing},
  journal   = {CoRR},
  volume    = {abs/1506.07285},
  year      = {2015},
  url       = {http://arxiv.org/abs/1506.07285},
  timestamp = {Wed, 07 Jun 2017 14:42:30 +0200},
  biburl    = {http://dblp.uni-trier.de/rec/bib/journals/corr/KumarISBEPOGS15},
  bibsource = {dblp computer science bibliography, http://dblp.org}
}

@inproceedings{cnn-rnn,
  title={Combination of Convolutional and Recurrent Neural Network for Sentiment Analysis of Short Texts},
  author={Xingyou Wang and Weijie Jiang and Zhiyong Luo},
  booktitle={COLING},
  year={2016}
}




@article{speech-lstm,
  author    = {Alex Graves and
               Abdel{-}rahman Mohamed and
               Geoffrey E. Hinton},
  title     = {Speech Recognition with Deep Recurrent Neural Networks},
  journal   = {CoRR},
  volume    = {abs/1303.5778},
  year      = {2013},
  url       = {http://arxiv.org/abs/1303.5778},
  timestamp = {Wed, 07 Jun 2017 14:43:10 +0200},
  biburl    = {http://dblp.uni-trier.de/rec/bib/journals/corr/abs-1303-5778},
  bibsource = {dblp computer science bibliography, http://dblp.org}
}



@MISC{perplexity,
    author = {Stanley Chen and Douglas Beeferman and Ronald Rosenfeld},
    title = {Evaluation Metrics For Language Models},
    year = {1998}
}

@inproceedings{conf/interspeech/MikolovKBCK10,
  added-at = {2015-04-09T00:00:00.000+0200},
  author = {Mikolov, Tomas and Karafiát, Martin and Burget, Lukás and Cernocký, Jan and Khudanpur, Sanjeev},
  biburl = {https://www.bibsonomy.org/bibtex/2aee1e280d06e82474b17c4996aaea076/dblp},
  booktitle = {INTERSPEECH},
  crossref = {conf/interspeech/2010},
  editor = {Kobayashi, Takao and Hirose, Keikichi and Nakamura, Satoshi},
  ee = {http://www.isca-speech.org/archive/interspeech_2010/i10_1045.html},
  interhash = {9cabdcef2ed097906bff2cb7a327e61e},
  intrahash = {aee1e280d06e82474b17c4996aaea076},
  keywords = {dblp},
  pages = {1045-1048},
  publisher = {ISCA},
  timestamp = {2015-06-21T06:10:05.000+0200},
  title = {Recurrent neural network based language model.},
  url = {http://dblp.uni-trier.de/db/conf/interspeech/interspeech2010.html#MikolovKBCK10},
  year = 2010
}

@inproceedings{mikolov-nlm,
  added-at = {2015-04-09T00:00:00.000+0200},
  author = {Mikolov, Tomas and Karafiát, Martin and Burget, Lukás and Cernocký, Jan and Khudanpur, Sanjeev},
  biburl = {https://www.bibsonomy.org/bibtex/2aee1e280d06e82474b17c4996aaea076/dblp},
  booktitle = {INTERSPEECH},
  crossref = {conf/interspeech/2010},
  editor = {Kobayashi, Takao and Hirose, Keikichi and Nakamura, Satoshi},
  ee = {http://www.isca-speech.org/archive/interspeech_2010/i10_1045.html},
  interhash = {9cabdcef2ed097906bff2cb7a327e61e},
  intrahash = {aee1e280d06e82474b17c4996aaea076},
  keywords = {dblp},
  pages = {1045-1048},
  publisher = {ISCA},
  timestamp = {2015-06-21T06:10:05.000+0200},
  title = {Recurrent neural network based language model.},
  url = {http://dblp.uni-trier.de/db/conf/interspeech/interspeech2010.html#MikolovKBCK10},
  year = 2010
}

 

@inproceedings{pretrain-1,
 author = {Dahl, George E. and Ranzato, Marc'Aurelio and Mohamed, Abdel-rahman and Hinton, Geoffrey},
 title = {Phone Recognition with the Mean-covariance Restricted Boltzmann Machine},
 booktitle = {Proceedings of the 23rd International Conference on Neural Information Processing Systems},
 series = {NIPS'10},
 year = {2010},
 location = {Vancouver, British Columbia, Canada},
 pages = {469--477},
 numpages = {9},
 url = {http://dl.acm.org/citation.cfm?id=2997189.2997242},
 acmid = {2997242},
 publisher = {Curran Associates Inc.},
 address = {USA},
} 

@incollection{greedy-layer-bengio,
title = {Greedy Layer-Wise Training of Deep Networks},
author = {Bengio, Yoshua and Pascal Lamblin and Dan Popovici and Larochelle, Hugo},
booktitle = {Advances in Neural Information Processing Systems 19},
editor = {P. B. Sch\"{o}lkopf and J. C. Platt and T. Hoffman},
pages = {153--160},
year = {2007},
publisher = {MIT Press},
url = {http://papers.nips.cc/paper/3048-greedy-layer-wise-training-of-deep-networks.pdf}
}

@article{greedy-layer,
 author = {Hinton, Geoffrey E. and Osindero, Simon and Teh, Yee-Whye},
 title = {A Fast Learning Algorithm for Deep Belief Nets},
 journal = {Neural Comput.},
 issue_date = {July 2006},
 volume = {18},
 number = {7},
 month = jul,
 year = {2006},
 issn = {0899-7667},
 pages = {1527--1554},
 numpages = {28},
 url = {http://dx.doi.org/10.1162/neco.2006.18.7.1527},
 doi = {10.1162/neco.2006.18.7.1527},
 acmid = {1161605},
 publisher = {MIT Press},
 address = {Cambridge, MA, USA},
} 

@article{why-unsupervised,
 author = {Erhan, Dumitru and Bengio, Yoshua and Courville, Aaron and Manzagol, Pierre-Antoine and Vincent, Pascal and Bengio, Samy},
 title = {Why Does Unsupervised Pre-training Help Deep Learning?},
 journal = {J. Mach. Learn. Res.},
 issue_date = {3/1/2010},
 volume = {11},
 month = mar,
 year = {2010},
 issn = {1532-4435},
 pages = {625--660},
 numpages = {36},
 url = {http://dl.acm.org/citation.cfm?id=1756006.1756025},
 acmid = {1756025},
 publisher = {JMLR.org},
} 

@article{improve-presentation,
  author    = {{\c{C}}aglar G{\"{u}}l{\c{c}}ehre and
               Yoshua Bengio},
  title     = {Knowledge Matters: Importance of Prior Information for Optimization},
  journal   = {CoRR},
  volume    = {abs/1301.4083},
  year      = {2013},
  url       = {http://arxiv.org/abs/1301.4083},
  timestamp = {Wed, 07 Jun 2017 14:41:53 +0200},
  biburl    = {http://dblp.uni-trier.de/rec/bib/journals/corr/abs-1301-4083},
  bibsource = {dblp computer science bibliography, http://dblp.org}
}

@article{need-tree,
  author    = {Jiwei Li and
               Dan Jurafsky and
               Eduard H. Hovy},
  title     = {When Are Tree Structures Necessary for Deep Learning of Representations?},
  journal   = {CoRR},
  volume    = {abs/1503.00185},
  year      = {2015},
  url       = {http://arxiv.org/abs/1503.00185},
  timestamp = {Wed, 07 Jun 2017 14:40:06 +0200},
  biburl    = {http://dblp.uni-trier.de/rec/bib/journals/corr/LiJH15},
  bibsource = {dblp computer science bibliography, http://dblp.org}
}

@article{bowman-treevslstm,
  author    = {Samuel R. Bowman and
               Christopher D. Manning and
               Christopher Potts},
  title     = {Tree-structured composition in neural networks without tree-structured
               architectures},
  journal   = {CoRR},
  volume    = {abs/1506.04834},
  year      = {2015},
  url       = {http://arxiv.org/abs/1506.04834},
  timestamp = {Wed, 07 Jun 2017 14:42:50 +0200},
  biburl    = {http://dblp.uni-trier.de/rec/bib/journals/corr/BowmanMP15},
  bibsource = {dblp computer science bibliography, http://dblp.org}
}

@article{lstm-search,
  author    = {Klaus Greff and
               Rupesh Kumar Srivastava and
               Jan Koutn{\'{\i}}k and
               Bas R. Steunebrink and
               J{\"{u}}rgen Schmidhuber},
  title     = {{LSTM:} {A} Search Space Odyssey},
  journal   = {CoRR},
  volume    = {abs/1503.04069},
  year      = {2015},
  url       = {http://arxiv.org/abs/1503.04069},
  timestamp = {Wed, 07 Jun 2017 14:42:57 +0200},
  biburl    = {http://dblp.uni-trier.de/rec/bib/journals/corr/GreffSKSS15},
  bibsource = {dblp computer science bibliography, http://dblp.org}
}

@article{understand-lstm,
  author    = {Andrej Karpathy and
               Justin Johnson and
               Fei{-}Fei Li},
  title     = {Visualizing and Understanding Recurrent Networks},
  journal   = {CoRR},
  volume    = {abs/1506.02078},
  year      = {2015},
  url       = {http://arxiv.org/abs/1506.02078},
  timestamp = {Wed, 07 Jun 2017 14:42:54 +0200},
  biburl    = {http://dblp.uni-trier.de/rec/bib/journals/corr/KarpathyJL15},
  bibsource = {dblp computer science bibliography, http://dblp.org}
}

@article{shift-reduce,
  author    = {Samuel R. Bowman and
               Jon Gauthier and
               Abhinav Rastogi and
               Raghav Gupta and
               Christopher D. Manning and
               Christopher Potts},
  title     = {A Fast Unified Model for Parsing and Sentence Understanding},
  journal   = {CoRR},
  volume    = {abs/1603.06021},
  year      = {2016},
  url       = {http://arxiv.org/abs/1603.06021},
  timestamp = {Wed, 07 Jun 2017 14:40:40 +0200},
  biburl    = {http://dblp.uni-trier.de/rec/bib/journals/corr/BowmanGRGMP16},
  bibsource = {dblp computer science bibliography, http://dblp.org}
}

@article{adadelta,
  author    = {Matthew D. Zeiler},
  title     = {{ADADELTA:} An Adaptive Learning Rate Method},
  journal   = {CoRR},
  volume    = {abs/1212.5701},
  year      = {2012},
  url       = {http://arxiv.org/abs/1212.5701},
  timestamp = {Wed, 07 Jun 2017 14:43:02 +0200},
  biburl    = {http://dblp.uni-trier.de/rec/bib/journals/corr/abs-1212-5701},
  bibsource = {dblp computer science bibliography, http://dblp.org}
}

@inproceedings{rectifier,
    Publisher = {Omnipress},
    Title = {Rectified Linear Units Improve Restricted Boltzmann Machines},
    Url = {http://www.icml2010.org/papers/432.pdf},
    Booktitle = {Proceedings of the 27th International Conference on Machine Learning (ICML-10)},
    Author = {Vinod Nair and Geoffrey E. Hinton},
    Editor = {Johannes Fürnkranz and Thorsten Joachims},
    Year = {2010},
    Pages = {807-814}
   } 

@article{word2vec,
  author    = {Tomas Mikolov and
               Ilya Sutskever and
               Kai Chen and
               Greg Corrado and
               Jeffrey Dean},
  title     = {Distributed Representations of Words and Phrases and their Compositionality},
  journal   = {CoRR},
  volume    = {abs/1310.4546},
  year      = {2013},
  url       = {http://arxiv.org/abs/1310.4546},
  timestamp = {Wed, 07 Jun 2017 14:40:03 +0200},
  biburl    = {http://dblp.uni-trier.de/rec/bib/journals/corr/MikolovSCCD13},
  bibsource = {dblp computer science bibliography, http://dblp.org}
}

@article{nlp-scratch,
  author    = {Ronan Collobert and
               Jason Weston and
               L{\'{e}}on Bottou and
               Michael Karlen and
               Koray Kavukcuoglu and
               Pavel P. Kuksa},
  title     = {Natural Language Processing (almost) from Scratch},
  journal   = {CoRR},
  volume    = {abs/1103.0398},
  year      = {2011},
  url       = {http://arxiv.org/abs/1103.0398},
  timestamp = {Wed, 07 Jun 2017 14:43:14 +0200},
  biburl    = {http://dblp.uni-trier.de/rec/bib/journals/corr/abs-1103-0398},
  bibsource = {dblp computer science bibliography, http://dblp.org}
}

@inproceedings{socher2013recursive,
  title={Recursive deep models for semantic compositionality over a sentiment treebank},
  author={Socher, Richard and Perelygin, Alex and Wu, Jean Y and Chuang, Jason and Manning, Christopher D and Ng, Andrew Y and Potts, Christopher and others},
  booktitle={Proceedings of the conference on empirical methods in natural language processing (EMNLP)},
  volume={1631},
  pages={1642},
  year={2013}
}

@inproceedings{collobert2011torch7,
	title={Torch7: A matlab-like environment for machine learning},
	author={Collobert, Ronan and Kavukcuoglu, Koray and Farabet, Cl{\'e}ment},
	booktitle={BigLearn, NIPS Workshop},
	number={EPFL-CONF-192376},
	year={2011}
}

@article{tokenizerpart,
  title={Part-of-Speech Tagger, and Named Entity Recognizer. Downloaded from: h ttp},
  author={Tokenizer, Stanford},
  journal={nlp. stanford. edu/software}
}

@inproceedings{pang2002thumbs,
	title={Thumbs up?: sentiment classification using machine learning techniques},
	author={Pang, Bo and Lee, Lillian and Vaithyanathan, Shivakumar},
	booktitle={Proceedings of the ACL-02 conference on Empirical methods in natural language processing-Volume 10},
	pages={79--86},
	year={2002},
	organization={Association for Computational Linguistics}
}

@article{liu2012sentiment,
	title={Sentiment analysis and opinion mining},
	author={Liu, Bing},
	journal={Synthesis lectures on human language technologies},
	volume={5},
	number={1},
	pages={1--167},
	year={2012},
	publisher={Morgan \& Claypool Publishers}
}

@book{Goodfelloetal2016,
	title={Deep Learning},
	author={Ian Goodfellow and Yoshua Bengio and Aaron Courville},
	publisher={MIT Press},
	note={\url{http://www.deeplearningbook.org}},
	year={2016}
}

@article{cho2014learning,
  title={Learning phrase representations using RNN encoder-decoder for statistical machine translation},
  author={Cho, Kyunghyun and Van Merri{\"e}nboer, Bart and Gulcehre, Caglar and Bahdanau, Dzmitry and Bougares, Fethi and Schwenk, Holger and Bengio, Yoshua},
  journal={arXiv preprint arXiv:1406.1078},
  year={2014}
}

@inproceedings{manning2014stanford,
	title={The stanford corenlp natural language processing toolkit.},
	author={Manning, Christopher D and Surdeanu, Mihai and Bauer, John and Finkel, Jenny Rose and Bethard, Steven and McClosky, David},
	booktitle={ACL (System Demonstrations)},
	pages={55--60},
	year={2014}
}

@book{chomsky2002syntactic,
  title={Syntactic structures},
  author={Chomsky, Noam},
  year={2002},
  publisher={Walter de Gruyter}
}

@inproceedings{nivre2016universal,
  title={Universal Dependencies v1: A Multilingual Treebank Collection.},
  author={Nivre, Joakim and de Marneffe, Marie-Catherine and Ginter, Filip and Goldberg, Yoav and Hajic, Jan and Manning, Christopher D and McDonald, Ryan T and Petrov, Slav and Pyysalo, Sampo and Silveira, Natalia and others},
  booktitle={LREC},
  year={2016}
 } 

%%
%% WinShell 3.3.2.6
%% http://www.winshell.org/
%%

% Strings


% Preamble


% BibTeX Entries
@MISC{Luong_betterword,
    author = {Minh-thang Luong and Richard Socher and Christopher D. Manning},
    title = {Better Word Representations with Recursive Neural Networks for Morphology},
    year = {}
}

@Inbook{noContextFree,
author="Shieber, Stuart M.",
editor="Savitch, Walter J.
and Bach, Emmon
and Marsh, William
and Safran-Naveh, Gila",
title="Evidence Against the Context-Freeness of Natural Language",
bookTitle="The Formal Complexity of Natural Language",
year="1987",
publisher="Springer Netherlands",
address="Dordrecht",
pages="320--334",
isbn="978-94-009-3401-6",
doi="10.1007/978-94-009-3401-6_12",
url="http://dx.doi.org/10.1007/978-94-009-3401-6_12"
}

@article{treeVSseq,
  author    = {Samuel R. Bowman and
               Christopher Potts and
               Christopher D. Manning},
  title     = {Recursive Neural Networks for Learning Logical Semantics},
  journal   = {CoRR},
  volume    = {abs/1406.1827},
  year      = {2014},
  url       = {http://arxiv.org/abs/1406.1827},
  timestamp = {Wed, 07 Jun 2017 14:43:02 +0200},
  biburl    = {http://dblp.uni-trier.de/rec/bib/journals/corr/BowmanPM14},
  bibsource = {dblp computer science bibliography, http://dblp.org}
}

@article{hardRNN,
  author    = {Razvan Pascanu and
               Tomas Mikolov and
               Yoshua Bengio},
  title     = {Understanding the exploding gradient problem},
  journal   = {CoRR},
  volume    = {abs/1211.5063},
  year      = {2012},
  url       = {http://arxiv.org/abs/1211.5063},
  timestamp = {Wed, 07 Jun 2017 14:40:40 +0200},
  biburl    = {http://dblp.uni-trier.de/rec/bib/journals/corr/abs-1211-5063},
  bibsource = {dblp computer science bibliography, http://dblp.org}
}


@InProceedings{SemeEvalTask1,
  author    = {Marelli, Marco  and  Bentivogli, Luisa  and  Baroni, Marco  and  Bernardi, Raffaella  and  Menini, Stefano  and  Zamparelli, Roberto},
  title     = {SemEval-2014 Task 1: Evaluation of Compositional Distributional Semantic Models on Full Sentences through Semantic Relatedness and Textual Entailment},
  booktitle = {Proceedings of the 8th International Workshop on Semantic Evaluation (SemEval 2014)},
  month     = {August},
  year      = {2014},
  address   = {Dublin, Ireland},
  publisher = {Association for Computational Linguistics and Dublin City University},
  pages     = {1--8},
  url       = {http://www.aclweb.org/anthology/S14-2001}
}

@inproceedings{glove,
  author = {Jeffrey Pennington and Richard Socher and Christopher D. Manning},
  booktitle = {Empirical Methods in Natural Language Processing (EMNLP)},
  title = {GloVe: Global Vectors for Word Representation},
  year = {2014},
  pages = {1532--1543},
  url = {http://www.aclweb.org/anthology/D14-1162},
}

@article{dropout,
  author    = {Geoffrey E. Hinton and
               Nitish Srivastava and
               Alex Krizhevsky and
               Ilya Sutskever and
               Ruslan Salakhutdinov},
  title     = {Improving neural networks by preventing co-adaptation of feature detectors},
  journal   = {CoRR},
  volume    = {abs/1207.0580},
  year      = {2012},
  url       = {http://arxiv.org/abs/1207.0580},
  timestamp = {Wed, 07 Jun 2017 14:40:12 +0200},
  biburl    = {http://dblp.uni-trier.de/rec/bib/journals/corr/abs-1207-0580},
  bibsource = {dblp computer science bibliography, http://dblp.org}
}

@article{adagrad,
 author = {Duchi, John and Hazan, Elad and Singer, Yoram},
 title = {Adaptive Subgradient Methods for Online Learning and Stochastic Optimization},
 journal = {J. Mach. Learn. Res.},
 issue_date = {2/1/2011},
 volume = {12},
 month = jul,
 year = {2011},
 issn = {1532-4435},
 pages = {2121--2159},
 numpages = {39},
 url = {http://dl.acm.org/citation.cfm?id=1953048.2021068},
 acmid = {2021068},
 publisher = {JMLR.org},
} 

@article{treeLSTM,
  author    = {Kai Sheng Tai and
               Richard Socher and
               Christopher D. Manning},
  title     = {Improved Semantic Representations From Tree-Structured Long Short-Term
               Memory Networks},
  journal   = {CoRR},
  volume    = {abs/1503.00075},
  year      = {2015},
  url       = {http://arxiv.org/abs/1503.00075},
  timestamp = {Wed, 07 Jun 2017 14:43:13 +0200},
  biburl    = {http://dblp.uni-trier.de/rec/bib/journals/corr/TaiSM15},
  bibsource = {dblp computer science bibliography, http://dblp.org}
}


@article{originLSTM,
 author = {Hochreiter, Sepp and Schmidhuber, J\"{u}rgen},
 title = {Long Short-Term Memory},
 journal = {Neural Comput.},
 issue_date = {November 15, 1997},
 volume = {9},
 number = {8},
 month = nov,
 year = {1997},
 issn = {0899-7667},
 pages = {1735--1780},
 numpages = {46},
 url = {http://dx.doi.org/10.1162/neco.1997.9.8.1735},
 doi = {10.1162/neco.1997.9.8.1735},
 acmid = {1246450},
 publisher = {MIT Press},
 address = {Cambridge, MA, USA},
} 


@INPROCEEDINGS{GravesLSTM,
    author = {Alex Graves and Navdeep Jaitly and Abdel-rahman Mohamed},
    title = {Hybrid speech recognition with deep bidirectional LSTM},
    booktitle = {In IEEE Workshop on Automatic Speech Recognition and Understanding (ASRU},
    year = {2013}
}

@inproceedings{IrsoyDRNN,
 author = {\.{I}rsoy, Ozan and Cardie, Claire},
 title = {Deep Recursive Neural Networks for Compositionality in Language},
 booktitle = {Proceedings of the 27th International Conference on Neural Information Processing Systems},
 series = {NIPS'14},
 year = {2014},
 location = {Montreal, Canada},
 pages = {2096--2104},
 numpages = {9},
 url = {http://dl.acm.org/citation.cfm?id=2969033.2969061},
 acmid = {2969061},
 publisher = {MIT Press},
 address = {Cambridge, MA, USA},
} 



@article{KimCNN,
  author    = {Yoon Kim},
  title     = {Convolutional Neural Networks for Sentence Classification},
  journal   = {CoRR},
  volume    = {abs/1408.5882},
  year      = {2014},
  url       = {http://arxiv.org/abs/1408.5882},
  timestamp = {Wed, 07 Jun 2017 14:40:07 +0200},
  biburl    = {http://dblp.uni-trier.de/rec/bib/journals/corr/Kim14f},
  bibsource = {dblp computer science bibliography, http://dblp.org}
}

@article{ParagraphVec,
  author    = {Quoc V. Le and
               Tomas Mikolov},
  title     = {Distributed Representations of Sentences and Documents},
  journal   = {CoRR},
  volume    = {abs/1405.4053},
  year      = {2014},
  url       = {http://arxiv.org/abs/1405.4053},
  timestamp = {Wed, 07 Jun 2017 14:42:08 +0200},
  biburl    = {http://dblp.uni-trier.de/rec/bib/journals/corr/LeM14},
  bibsource = {dblp computer science bibliography, http://dblp.org}
}

@article{DCNN,
  author    = {Nal Kalchbrenner and
               Edward Grefenstette and
               Phil Blunsom},
  title     = {A Convolutional Neural Network for Modelling Sentences},
  journal   = {CoRR},
  volume    = {abs/1404.2188},
  year      = {2014},
  url       = {http://arxiv.org/abs/1404.2188},
  timestamp = {Wed, 07 Jun 2017 14:42:24 +0200},
  biburl    = {http://dblp.uni-trier.de/rec/bib/journals/corr/KalchbrennerGB14},
  bibsource = {dblp computer science bibliography, http://dblp.org}
}



@inproceedings{socher2013recursive,
  title={Recursive deep models for semantic compositionality over a sentiment treebank},
  author={Socher, Richard and Perelygin, Alex and Wu, Jean Y and Chuang, Jason and Manning, Christopher D and Ng, Andrew Y and Potts, Christopher and others},
  booktitle={Proceedings of the conference on empirical methods in natural language processing (EMNLP)},
  volume={1631},
  pages={1642},
  year={2013}
}

@inproceedings{collobert2011torch7,
	title={Torch7: A matlab-like environment for machine learning},
	author={Collobert, Ronan and Kavukcuoglu, Koray and Farabet, Cl{\'e}ment},
	booktitle={BigLearn, NIPS Workshop},
	number={EPFL-CONF-192376},
	year={2011}
}

@article{tokenizerpart,
  title={Part-of-Speech Tagger, and Named Entity Recognizer. Downloaded from: h ttp},
  author={Tokenizer, Stanford},
  journal={nlp. stanford. edu/software}
}

@inproceedings{pang2002thumbs,
	title={Thumbs up?: sentiment classification using machine learning techniques},
	author={Pang, Bo and Lee, Lillian and Vaithyanathan, Shivakumar},
	booktitle={Proceedings of the ACL-02 conference on Empirical methods in natural language processing-Volume 10},
	pages={79--86},
	year={2002},
	organization={Association for Computational Linguistics}
}

@article{liu2012sentiment,
	title={Sentiment analysis and opinion mining},
	author={Liu, Bing},
	journal={Synthesis lectures on human language technologies},
	volume={5},
	number={1},
	pages={1--167},
	year={2012},
	publisher={Morgan \& Claypool Publishers}
}

@book{Goodfelloetal2016,
	title={Deep Learning},
	author={Ian Goodfellow and Yoshua Bengio and Aaron Courville},
	publisher={MIT Press},
	note={\url{http://www.deeplearningbook.org}},
	year={2016}
}

@article{cho2014learning,
  title={Learning phrase representations using RNN encoder-decoder for statistical machine translation},
  author={Cho, Kyunghyun and Van Merri{\"e}nboer, Bart and Gulcehre, Caglar and Bahdanau, Dzmitry and Bougares, Fethi and Schwenk, Holger and Bengio, Yoshua},
  journal={arXiv preprint arXiv:1406.1078},
  year={2014}
}

@inproceedings{manning2014stanford,
	title={The stanford corenlp natural language processing toolkit.},
	author={Manning, Christopher D and Surdeanu, Mihai and Bauer, John and Finkel, Jenny Rose and Bethard, Steven and McClosky, David},
	booktitle={ACL (System Demonstrations)},
	pages={55--60},
	year={2014}
}

@article{wieting2015towards,
	title={Towards universal paraphrastic sentence embeddings},
	author={Wieting, John and Bansal, Mohit and Gimpel, Kevin and Livescu, Karen},
	journal={arXiv preprint arXiv:1511.08198},
	year={2015}
}

@article{duchi2011adaptive,
	title={Adaptive subgradient methods for online learning and stochastic optimization},
	author={Duchi, John and Hazan, Elad and Singer, Yoram},
	journal={Journal of Machine Learning Research},
	volume={12},
	number={Jul},
	pages={2121--2159},
	year={2011}
}

@inproceedings{mcauley2013hidden,
	title={Hidden factors and hidden topics: understanding rating dimensions with review text},
	author={McAuley, Julian and Leskovec, Jure},
	booktitle={Proceedings of the 7th ACM conference on Recommender systems},
	pages={165--172},
	year={2013},
	organization={ACM}
}

@article{hahnloser2000digital,
	title={Digital selection and analogue amplification coexist in a cortex-inspired silicon circuit},
	author={Hahnloser, Richard HR and Sarpeshkar, Rahul and Mahowald, Misha A and Douglas, Rodney J and Seung, H Sebastian},
	journal={Nature},
	volume={405},
	number={6789},
	pages={947--951},
	year={2000},
	publisher={Nature Publishing Group},
	meow={Relu}
}

@inproceedings{krizhevsky2012imagenet,
	title={Imagenet classification with deep convolutional neural networks},
	author={Krizhevsky, Alex and Sutskever, Ilya and Hinton, Geoffrey E},
	booktitle={Advances in neural information processing systems},
	pages={1097--1105},
	year={2012}
}